<?xml version="1.0" encoding="UTF-8"?><record xmlns="http://www.loc.gov/MARC21/slim" xmlns:cinclude="http://apache.org/cocoon/include/1.0" xmlns:zs="http://www.loc.gov/zing/srw/">
  <leader>00957cz  a2200193n  4500</leader>
  <controlfield tag="001">n  88196523 </controlfield>
  <controlfield tag="003">DLC</controlfield>
  <controlfield tag="005">20080321080132.0</controlfield>
  <controlfield tag="008">890914n| acannaabn          |a aaa      </controlfield>
  <datafield tag="010" ind1=" " ind2=" ">
    <subfield code="a">n  88196523 </subfield>
  </datafield>
  <datafield tag="035" ind1=" " ind2=" ">
    <subfield code="a">(OCoLC)oca02598563</subfield>
  </datafield>
  <datafield tag="035" ind1=" " ind2=" ">
    <subfield code="a">(Uk)002236545</subfield>
  </datafield>
  <datafield tag="040" ind1=" " ind2=" ">
    <subfield code="a">DLC</subfield>
    <subfield code="b">eng</subfield>
    <subfield code="c">DLC</subfield>
    <subfield code="d">DLC</subfield>
    <subfield code="d">OCoLC</subfield>
    <subfield code="d">Uk</subfield>
  </datafield>
  <datafield tag="100" ind1="1" ind2=" ">
    <subfield code="a">Lewis, Justin,</subfield>
    <subfield code="d">1958-</subfield>
  </datafield>
  <datafield tag="400" ind1="1" ind2=" ">
    <subfield code="a">Wren-Lewis, Justin,</subfield>
    <subfield code="d">1958-</subfield>
  </datafield>
  <datafield tag="670" ind1=" " ind2=" ">
    <subfield code="a">His Art, culture and enterprise, 1990:</subfield>
    <subfield code="b">CIP t.p. (Justin Lewis) data sheet (b. 1-25-58)</subfield>
  </datafield>
  <datafield tag="670" ind1=" " ind2=" ">
    <subfield code="a">Viewing, reading, and listening, 1993:</subfield>
    <subfield code="b">CIP t.p. (Justin Lewis, Univ. of Mass., Amherst) galley (Justin Wren-Lewis)</subfield>
  </datafield>
  <datafield tag="670" ind1=" " ind2=" ">
    <subfield code="a">Too close for comfort?, 2004:</subfield>
    <subfield code="b">p. 1 (Professor Justin Lewis, Cardiff School of Journalism, Media and Cultural Studies)</subfield>
  </datafield>
  <datafield tag="670" ind1=" " ind2=" ">
    <subfield code="a">Cardiff School of Journalism, Media and Cultural Studies WWW Site, 19 Mar. 2008:</subfield>
    <subfield code="b">Staff page (Professor Justin Lewis, returned to Britain in 2000 having worked for 12 years at Univ. of Massachusetts)</subfield>
  </datafield>
</record>